@misc{leeCleverest2025,
  author       = {*Jing Liu and *Seongmin Lee and Eleonora Losiouk and Marcel B{\"o}hme},
  howpublished = {},
  title        = {{Evaluating LLM-based Regression Test Generation}},
  year         = {2025}
}

@misc{leeDiscover2024,
  title  = {{Predicting the Number of New Discoveries}},
  author = {Seongmin Lee and Marcel B{\"o}hme},
  year   = {2024}
}


@inproceedings{leeChaomi2024,
  title      = {{Accounting for Missing Events in Statistical Information Leakage Analysis}},
  author     = {Seongmin Lee and Shreyas Minocha and Marcel B{\"o}hme},
  year       = {2025},
  address    = {},
  doi        = {},
  isbn       = {},
  keywords   = {},
  location   = {},
  publisher  = {},
  series     = {ICSE '25},
  url        = {},
  bdsk-url-1 = {}
}

@article{anPYGGIPythonGeneral2017,
  title      = {{PYGGI: Python General Framework for Genetic Improvement}},
  shorttitle = {{PYGGI}},
  author     = {An, Gabin and Kim, Jinhan and Lee, Seongmin and Yoo, Shin},
  year       = {2017},
  urldate    = {2024-09-19},
  langid     = {korean-han},
  keywords   = {notion},
  file       = {/Users/bohrok/Zotero/storage/Y2VXKFTG/articleDetail.html}
}

@article{langdonGeneticImprovementICSE2020,
  title    = {Genetic {{Improvement}} @ {{ICSE}} 2020},
  author   = {Langdon, William B. and Weimer, Westley and Petke, Justyna and Fredericks, Erik and Lee, Seongmin and Winter, Emily and Basios, Michail and Cohen, Myra B. and Blot, Aymeric and Wagner, Markus and Bruce, Bobby R. and Yoo, Shin and Gerasimou, Simos and Krauss, Oliver and Huang, Yu and Gerten, Michael},
  year     = {2020},
  journal  = {SIGSOFT Softw. Eng. Notes},
  volume   = {45},
  number   = {4},
  issn     = {0163-5948},
  doi      = {10.1145/3417564.3417575},
  urldate  = {2024-09-19},
  keywords = {notion},
  file     = {/Users/bohrok/Zotero/storage/CMWMXTGP/Langdon et al. - 2020 - Genetic Improvement @ ICSE 2020.pdf}
}

@techreport{leeCausalProgramDependence2021,
  title       = {Causal {{Program Dependence Analysis}} and {{Causal Fault Localization}}},
  author      = {Lee, Seongmin and Binkley, Dave and Feldt, Robert and Gold, Nicolas and Yoo, Shin},
  year        = {2021},
  number      = {CS-TR-2021-423},
  address     = {291 Daehak-ro, Yuseong-gu, Daejeon, Korea 34141},
  institution = {{Korea Advanced Institute of Science and Technology}},
  keywords    = {notion}
}

@article{leeCausalProgramDependence2025,
  title    = {{Causal Program Dependence Analysis}},
  author   = {Lee, Seongmin and Binkley, Dave and Feldt, Robert and Gold, Nicolas and Yoo, Shin},
  year     = {2025},
  journal  = {Science of Computer Programming},
  volume   = {240},
  issn     = {0167-6423},
  doi      = {10.1016/j.scico.2024.103208},
  urldate  = {2024-09-19},
  keywords = {Causal inference,CPDA,Dependency analysis,notion,Observation-based analysis},
  file     = {/Users/bohrok/Zotero/storage/RZ9YKCEI/Lee et al. - 2025 - Causal program dependence analysis.pdf;/Users/bohrok/Zotero/storage/AD3IENUQ/S016764232400131X.html}
}

@inproceedings{leeClassifyingFalsePositive2019a,
  title    = {Classifying {{False Positive Static Checker Alarms}} in {{Continuous Integration Using Convolutional Neural Networks}}},
  author   = {Lee, Seongmin and Hong, Shin and Yi, Jungbae and Kim, Taeksu and Kim, Chul-Joo and Yoo, Shin},
  year     = {2019},
  series   = {{{ICST}} '19},
  issn     = {2159-4848},
  doi      = {10.1109/ICST.2019.00048},
  urldate  = {2024-09-19},
  keywords = {Classification,Databases,False alarms,Feature extraction,Machine learning,notion,Pipelines,Quality assurance,Software,Static analysis},
  file     = {/Users/bohrok/Zotero/storage/5PG5XRBG/Lee et al. - 2019 - Classifying False Positive Static Checker Alarms in Continuous Integration Using Convolutional Neura.pdf;/Users/bohrok/Zotero/storage/69F44DQX/8730202.html}
}

@article{leeEvaluatingLexicalApproximation2020,
  title    = {{Evaluating Lexical Approximation of Program Dependence}},
  author   = {Lee, Seongmin and Binkley, David and Gold, Nicolas and Islam, Syed and Krinke, Jens and Yoo, Shin},
  year     = {2020},
  journal  = {Journal of Systems and Software},
  volume   = {160},
  issn     = {0164-1212},
  doi      = {10.1016/j.jss.2019.110459},
  keywords = {Lexical analysis,notion,ORBS,Program slicing}
}

@misc{leeHowMuchUnseen2024,
  title         = {How {{Much}} Is {{Unseen Depends Chiefly}} on {{Information About}} the {{Seen}}},
  author        = {Lee, Seongmin and B{\"o}hme, Marcel},
  year          = {2024},
  number        = {arXiv:2402.05835},
  eprint        = {2402.05835},
  primaryclass  = {cs, stat},
  publisher     = {arXiv},
  doi           = {10.48550/arXiv.2402.05835},
  urldate       = {2024-09-19},
  archiveprefix = {arXiv},
  keywords      = {Computer Science - Machine Learning,Computer Science - Neural and Evolutionary Computing,notion,Statistics - Machine Learning},
  file          = {/Users/bohrok/Zotero/storage/5IXSV82R/Lee and BÃ¶hme - 2024 - How Much is Unseen Depends Chiefly on Information About the Seen.pdf;/Users/bohrok/Zotero/storage/M3GDC3QR/2402.html}
}

@inproceedings{leeHyperheuristicObservationBased2017,
  title    = {Hyperheuristic {{Observation Based Slicing}} of {{Guava}}},
  author   = {Lee, Seongmin and Yoo, Shin},
  editor   = {Menzies, Tim and Petke, Justyna},
  year     = {2017},
  isbn     = {978-3-319-66299-2},
  keywords = {notion}
}

@inproceedings{leeMOADModelingObservationBased2019a,
  title      = {{{MOAD}}: {{Modeling Observation-Based Approximate Dependency}}},
  shorttitle = {{{MOAD}}},
  booktitle  = {2019 19th {{International Working Conference}} on {{Source Code Analysis}} and {{Manipulation}} ({{SCAM}})},
  author     = {Lee, Seongmin and Binkley, David and Feldt, Robert and Gold, Nicolas and Yoo, Shin},
  year       = {2019},
  issn       = {2470-6892},
  doi        = {10.1109/SCAM.2019.00011},
  urldate    = {2024-09-19},
  keywords   = {Analytical models,Dependency analysis,Inference algorithms,Model learning,notion,Performance analysis,Probabilistic logic,Program slicing,Semantics,Tools,Trajectory},
  file       = {/Users/bohrok/Zotero/storage/XNFQKWDD/Lee et al. - 2019 - MOAD Modeling Observation-Based Approximate Dependency.pdf;/Users/bohrok/Zotero/storage/ZC47DMTF/8930847.html}
}

@inproceedings{leeMOBSMultiOperatorObservationBased2018,
  title    = {{{MOBS}}: {{Multi-Operator Observation-Based Slicing Using Lexical Approximation}} of {{Program Dependence}}},
  author   = {Lee, Seongmin and Binkley, David and Gold, Nicolas and Islam, Syed and Krinke, Jens and Yoo, Shin},
  year     = {2018},
  series   = {{{ICSE}} '18},
  doi      = {10.1145/3183440.3194981},
  isbn     = {978-1-4503-5663-3},
  keywords = {notion}
}

@article{leeObservationbasedApproximateDependency2021,
  title    = {{Observation-Based Approximate Dependency Modeling and Its Use for Program Slicing}},
  author   = {Lee, Seongmin and Binkley, David and Feldt, Robert and Gold, Nicolas and Yoo, Shin},
  year     = {2021},
  journal  = {Journal of Systems and Software},
  volume   = {179},
  issn     = {0164-1212},
  doi      = {10.1016/j.jss.2021.110988},
  keywords = {Dependency analysis,MOAD,Model learning,notion,Program slicing}
}

@inproceedings{leeScalableApproximateProgram2020,
  title    = {Scalable and {{Approximate Program Dependence Analysis}}},
  author   = {Lee, Seongmin},
  year     = {2020},
  series   = {{{ICSE}} '20},
  doi      = {10.1145/3377812.3381392},
  isbn     = {978-1-4503-7122-3},
  keywords = {notion,ORBS,program analysis,program slicing}
}

@phdthesis{leeStatisticalProgramDependence2022,
  title    = {Statistical Program Dependence Approximation},
  author   = {Lee, Seongmin},
  year     = {2022},
  school   = {Korea Advanced Institute of Science and Technology (KAIST), Daejeon},
  keywords = {Causal inference,Dynamic analysis,Lexical analysis,notion,Observation-based dependence analysis,Program dependence,Statistical model}
}

@inproceedings{leeStatisticalReachabilityAnalysis2023,
  title    = {Statistical {{Reachability Analysis}}},
  author   = {Lee, Seongmin and B{\"o}hme, Marcel},
  year     = {2023},
  series   = {{{ESEC}}/{{FSE}} 2023},
  doi      = {10.1145/3611643.3616268},
  isbn     = {9798400703270},
  keywords = {Markov chain,notion,Quantitative reachability analysis,Reaching probability,Statistical reachability analysis}
}

@inproceedings{liyanageExtrapolatingCoverageRate2024,
  title    = {Extrapolating {{Coverage Rate}} in {{Greybox Fuzzing}}},
  author   = {Liyanage, *Danushka and Lee, *Seongmin and Tantithamthavorn, Chakkrit and B{\"o}hme, Marcel},
  year     = {2024},
  series   = {{{ICSE}} '24},
  doi      = {10.1145/3597503.3639198},
  isbn     = {9798400702174},
  keywords = {adaptive bias,coverage rate,extrapolation,greybox fuzzing,notion,statistical method}
}

@inproceedings{ohEffectivelySamplingHigher2021,
  title    = {Effectively {{Sampling Higher Order Mutants Using Causal Effect}}},
  author   = {Oh, Saeyoon and Lee, Seongmin and Yoo, Shin},
  year     = {2021},
  doi      = {10.1109/ICSTW52544.2021.00017},
  urldate  = {2024-09-19},
  keywords = {Benchmark testing,causal inference,causal program dependence analysis,Conferences,Diversity reception,Estimation,higher order mutant,Measurement,mutation testing,notion,Scalability,Software testing},
  file     = {/Users/bohrok/Zotero/storage/SLUKSDD6/Oh et al. - 2021 - Effectively Sampling Higher Order Mutants Using Causal Effect.pdf;/Users/bohrok/Zotero/storage/PJZFV4FC/9440150.html}
}

@incollection{sohnAmortisedDeepParameter2016,
  title    = {Amortised {{Deep Parameter Optimisation}} of {{GPGPU Work Group Size}} for {{OpenCV}}},
  author   = {Sohn, Jeongju and Lee, Seongmin and Yoo, Shin},
  editor   = {Sarro, Federica and Deb, Kalyanmoy},
  year     = {2016},
  doi      = {10.1007/978-3-319-47106-8_14},
  isbn     = {978-3-319-47106-8},
  keywords = {COINSE,notion,OpenCV,Parameter Optimization}
}
